<?xml version="1.0" encoding="UTF-8"?><collection xmlns="http://www.loc.gov/MARC21/slim"><record><leader>00521nam--2200145-i-4500</leader><controlfield tag="001">000031004</controlfield><controlfield tag="002">20161230</controlfield><controlfield tag="005">20170121205757</controlfield><controlfield tag="008">060222s1000------------r-----000-0-eng-d</controlfield><datafield ind1=" " ind2=" " tag="100"><subfield code="a">Lloret, Antonio</subfield></datafield><datafield ind1=" " ind2=" " tag="245"><subfield code="a">Methode de determination des sections efficaces partielles dans un liquide lourd. Application a la production de particules etranges par des de grande energie</subfield><subfield code="b">theses</subfield></datafield><datafield ind1=" " ind2=" " tag="260"><subfield code="a">Paris</subfield><subfield code="b">La Faculte Des Sciences De L`Universite</subfield><subfield code="c">1964</subfield></datafield><datafield ind1=" " ind2=" " tag="300"><subfield code="a">69 p.+10 Pl</subfield></datafield><datafield ind1=" " ind2=" " tag="852"><subfield code="a">22876</subfield></datafield><datafield ind1=" " ind2=" " tag="CAT"><subfield code="a">SYS</subfield><subfield code="c">20170121</subfield><subfield code="h">205757</subfield></datafield></record></collection>